% This file was created with Citavi 6.4.0.35

@book{Beutelspacher.2010,
 author = {Beutelspacher, Albrecht and Neumann, Heike B. and Schwarzpaul, Thomas},
 year = {2010},
 title = {Kryptografie in Theorie und Praxis},
 keywords = {Algebra;Computer science;Data protection;Kryptologie},
 edition = {2., {\"u}berarbeitete Auflage},
 publisher = {{Vieweg + Teubner}},
 isbn = {9783834809773},
 subtitle = {Mathematische Grundlagen f{\"u}r Internetsicherheit, Mobilfunk und elektronisches Geld},
 language = {ger},
 location = {Wiesbaden},
 abstract = {Das Buch gibt einen einblick in verschiedene Verschl{\"u}sselungs und Signatur-Verfahren.},
 doi = {10.1007/978-3-8348-9631-5},
 file = {http://deposit.d-nb.de/cgi-bin/dokserv?id=3348267&prov=M&dok_var=1&dok_ext=htm},
 file = {http://d-nb.info/99621223X/04},
 file = {http://zbmath.org/?q=an:1185.94001}
}


@book{Forster.2015,
 author = {Forster, Otto},
 year = {2015},
 title = {Algorithmische Zahlentheorie},
 keywords = {Algorithmische Zahlentheorie;Algorithms;Mathematics;Number theory},
 edition = {2., {\"u}berarb. u. erw. Aufl.},
 publisher = {{Springer Spektrum}},
 isbn = {9783658065393},
 language = {ger},
 location = {Wiesbaden},
 abstract = {Das Buch ist relevant f{\"u}r die Kapitel Pseudo-Zufalls-Generatoren, Das RSA-Kryptographie-Verfahren und Der (p+1)-Primzahltest, Mersenne'sche Primzahlen.},
 pagetotal = {314},
 doi = {10.1007/978-3-658-06540-9},
 file = {http://zbmath.org/?q=an:1304.11002}
}


@online{ManindraAgrawalNeerajKayalNitinSaxena.2002,
 author = {Manindra, Agrawal and Neeraj, Kayal and Nitin, Saxena},
 editor = {{Department of Computer Science {\&} Engineering}},
 year = {2002},
 title = {PRIMES is in P},
 url = {https://www.cse.iitk.ac.in/users/manindra/algebra/primality_v6.pdf},
 abstract = {},
 location = {Kanpur-208016, INDIA},
 organization = {{Indian Institute of Technology Kanpur}}
}


@online{OliverBraun.2009,
 author = {Oliver, Braun and Sebastian, Sch¨onnenbeck},
 editor = {{Lehrstuhl f{\"u}r Algebra und Zahlentheorie}},
 year = {2009},
 title = {Der AKS-Primzahltest},
 url = {http://www.math.rwth-aachen.de/~Gabriele.Nebe/Vorl/pros/AKS.pdf},
 abstract = {},
 organization = {{Rheinisch-Westf{\"a}lische Technische Hochschule Aachen}},
 subtitle = {Vortrag im Rahmen des Proseminars zur linearen Algebra}
}


@online{Prof.Dr.FolkmarBornemann.2002,
 author = {Folkmar, Bornemann},
 editor = {{Zentrum f{\"u}r Mathematik}},
 year = {2002},
 title = {Ein Durchbruch f{\"u}r Jedermann},
 url = {https://www-m3.ma.tum.de/foswiki/pub/M3/Allgemeines/FolkmarBornemannPublications/aks.pdf},
 abstract = {},
 organization = {{Technische Universit{\"a}t M{\"u}nchen}}
}


@book{Rosen.2018,
 author = {Rosen, Kenneth H.},
 year = {2018},
 title = {Discrete mathematics and its applications},
 keywords = {Diskrete Mathematik},
 edition = {Eigth edition, international student edition},
 publisher = {McGraw-Hill},
 isbn = {9781260091991},
 location = {New York NY},
 abstract = {Das Buch verf{\"u}gt {\"u}ber eine sehr gute Einf{\"u}hrung in die Bereiche Zahlentheorie und deren Anwendungen in der Kryptographie.},
 pagetotal = {942, 148 Seiten in verschiedenen Seitenz{\"a}hlungen}
}


